<?xml version="1.0" encoding="UTF-8"?><collection xmlns="http://www.loc.gov/MARC21/slim"><record><leader>00556nam--2200193-i-4500</leader><controlfield tag="001">000041455</controlfield><controlfield tag="002">20161230</controlfield><controlfield tag="005">20161230201043</controlfield><controlfield tag="008">060222s1000------------r-----000-0-eng-d</controlfield><datafield ind1=" " ind2=" " tag="040"><subfield code="a">IFIN-HH</subfield></datafield><datafield ind1=" " ind2=" " tag="080"><subfield code="a">538.4</subfield></datafield><datafield ind1="1" ind2=" " tag="100"><subfield code="a">Sutton, George W</subfield></datafield><datafield ind1="1" ind2="0" tag="245"><subfield code="a">Engineering magnetohydrodynamics</subfield><subfield code="c">George w. sutton, arthur sherman</subfield></datafield><datafield ind1=" " ind2=" " tag="260"><subfield code="a">New York</subfield><subfield code="b">Mcgraw-hill Book Company</subfield><subfield code="c">1965</subfield></datafield><datafield ind1=" " ind2=" " tag="300"><subfield code="a">XIX + 548 P</subfield></datafield><datafield ind1=" " ind2=" " tag="490"><subfield code="a">Mcgraw-hill Series In Mechanical Engineering</subfield></datafield><datafield ind1="1" ind2=" " tag="700"><subfield code="a">Sherman, Arthur</subfield></datafield><datafield ind1=" " ind2=" " tag="852"><subfield code="a">22434</subfield><subfield code="c">538.4</subfield></datafield><datafield ind1=" " ind2=" " tag="CAT"><subfield code="a">Sys</subfield><subfield code="c">20110919</subfield><subfield code="h">162635</subfield></datafield></record></collection>